@inproceedings{chang2006bigtable,
  title={Bigtable: A distributed structured data storage system},
  author={Chang, F and Dean, J and Ghemawat, S and Hsieh, WC and Wallach, DA and Burrows, M and Chandra, T and Fikes, A and Gruber, R},
  booktitle={7th OSDI},
  pages={305--314},
  year={2006}
}
@article{dean2008mapreduce,
  title={MapReduce: simplified data processing on large clusters},
  author={Dean, Jeffrey and Ghemawat, Sanjay},
  journal={Communications of the ACM},
  volume={51},
  number={1},
  pages={107--113},
  year={2008},
  publisher={ACM}
}

@inproceedings{ghemawat2003google,
  title={The Google file system},
  author={Ghemawat, Sanjay and Gobioff, Howard and Leung, Shun-Tak},
  booktitle={ACM SIGOPS operating systems review},
  volume={37},
  number={5},
  pages={29--43},
  year={2003},
  organization={ACM}
}

@inproceedings{zaharia2012resilient,
  title={Resilient distributed datasets: A fault-tolerant abstraction for in-memory cluster computing},
  author={Zaharia, Matei and Chowdhury, Mosharaf and Das, Tathagata and Dave, Ankur and Ma, Justin and McCauley, Murphy and Franklin, Michael J and Shenker, Scott and Stoica, Ion},
  booktitle={Proceedings of the 9th USENIX conference on Networked Systems Design and Implementation},
  pages={2--2},
  year={2012},
  organization={USENIX Association}
}

@misc{doug2001data,
  title={Data Management: Controlling Data Volume, Velocity, and Variety},
  author={Doug, L},
  year={2001},
  publisher={Application Delivery Strategies”, META Group (currently with Gartner)}
}

@online{GameChanger,
  author = {Kai Wähner},
  title = {Real-Time Stream Processing as Game Changer in a Big Data World with Hadoop and Data Warehouse},
  year = 2014,
  url = {http://www.infoq.com/articles/stream-processing-hadoop},
}

@inproceedings{neto2011demystifying,
  title={Demystifying cloud computing},
  author={Neto, Paulo},
  booktitle={Proceeding of Doctoral Symposium on Informatics Engineering},
  year={2011}
}

@article{mell2011nist,
  title={The NIST definition of cloud computing},
  author={Mell, Peter and Grance, Tim},
  year={2011},
  publisher={Computer Security Division, Information Technology Laboratory, National Institute of Standards and Technology Gaithersburg}
}

@article{haghighat2015cloudid,
  title={CloudID: Trustworthy cloud-based and cross-enterprise biometric identification},
  author={Haghighat, Mohammad and Zonouz, Saman and Abdel-Mottaleb, Mohamed},
  journal={Expert Systems with Applications},
  volume={42},
  number={21},
  pages={7905--7916},
  year={2015},
  publisher={Elsevier}
}

@online{HDFS,
  author = {Apache Software Foundation},
  title={HDFS},
  url={https://hadoop.apache.org/docs/r1.2.1/hdfs_design.html},
  urldate = {2016-01-05}
}

@online{MapReduce,
  author = {Apache Software Foundation},
  title={MapReduce},
  url={https://hadoop.apache.org/docs/r1.2.1/mapred_tutorial.html},
  urldate = {2016-01-05}
}

@online{Kafka,
  author = {Apache Software Foundation},
  title={Kafka},
  url={http://kafka.apache.org/documentation.html},
  urldate = {2016-01-05}
}

@online{TPC-H,
  author = {Transaction Processing Performance Council},
  title = {TPC-H Benchmark Specification},
  url = {http://www.tpc.org/tpch/},
}
@online{TPC-C,
  author = {Transaction Processing Performance Council},
  title = {TPC-C Benchmark Specification},
  url = {http://www.tpc.org/tpcc/},
}

@online{PigMix,
  author = {},
  title = {PigMix Benchmarks},
  url = {https://cwiki.apache.org/confluence/display/PIG/PigMix},
}

@article{8requirements,
  title={The 8 requirements of real-time stream processing},
  author={Stonebraker, Michael and {\c{C}}etintemel, U?ur and Zdonik, Stan},
  journal={ACM SIGMOD Record},
  volume={34},
  number={4},
  pages={42--47},
  year={2005},
  publisher={ACM}
}

@inproceedings{YCSB,
 author = {Cooper, Brian F. and Silberstein, Adam and Tam, Erwin and Ramakrishnan, Raghu and Sears, Russell},
 title = {Benchmarking Cloud Serving Systems with YCSB},
 booktitle = {Proceedings of the 1st ACM Symposium on Cloud Computing},
 series = {SoCC '10},
 year = {2010},
 isbn = {978-1-4503-0036-0},
 location = {Indianapolis, Indiana, USA},
 pages = {143--154},
 numpages = {12},
 url = {http://doi.acm.org/10.1145/1807128.1807152},
 doi = {10.1145/1807128.1807152},
 acmid = {1807152},
 publisher = {ACM},
 address = {New York, NY, USA},
 keywords = {benchmarking, cloud serving database},
} 

@online{YSB,
  author = {Yahoo Storm Team},
  title={Yahoo Streaming Benchmark},
  url={http://yahooeng.tumblr.com/post/135321837876/benchmarking-streaming-computation-engines-at},
  urldate = {2016-01-06}
}

@inproceedings{dey2014ycsb+t,
  title={YCSB+T: Benchmarking web-scale transactional databases},
  author={Dey, Anamika and Fekete, Alan and Nambiar, Raghunath and Rohm, Uwe},
  booktitle={Data Engineering Workshops (ICDEW), 2014 IEEE 30th International Conference on},
  pages={223--230},
  year={2014},
  organization={IEEE}
}

@inproceedings{ycsb++,
 author = {Patil, Swapnil and Polte, Milo and Ren, Kai and Tantisiriroj, Wittawat and Xiao, Lin and L\'{o}pez, Julio and Gibson, Garth and Fuchs, Adam and Rinaldi, Billie},
 title = {YCSB++: Benchmarking and Performance Debugging Advanced Features in Scalable Table Stores},
 booktitle = {Proceedings of the 2Nd ACM Symposium on Cloud Computing},
 series = {SOCC '11},
 year = {2011},
 isbn = {978-1-4503-0976-9},
 location = {Cascais, Portugal},
 pages = {9:1--9:14},
 articleno = {9},
 numpages = {14},
 url = {http://doi.acm.org/10.1145/2038916.2038925},
 doi = {10.1145/2038916.2038925},
 acmid = {2038925},
 publisher = {ACM},
 address = {New York, NY, USA},
 keywords = {NoSQL, YCSB, benchmarking, scalable table stores},
} 

@inproceedings{BigBench,
 author = {Ghazal, Ahmad and Rabl, Tilmann and Hu, Minqing and Raab, Francois and Poess, Meikel and Crolotte, Alain and Jacobsen, Hans-Arno},
 title = {BigBench: Towards an Industry Standard Benchmark for Big Data Analytics},
 booktitle = {Proceedings of the 2013 ACM SIGMOD International Conference on Management of Data},
 series = {SIGMOD '13},
 year = {2013},
 isbn = {978-1-4503-2037-5},
 location = {New York, New York, USA},
 pages = {1197--1208},
 numpages = {12},
 url = {http://doi.acm.org/10.1145/2463676.2463712},
 doi = {10.1145/2463676.2463712},
 acmid = {2463712},
 publisher = {ACM},
 address = {New York, NY, USA},
 keywords = {benchmarking, big data, map reduce},
} 

@inproceedings{LinkBench,
 author = {Armstrong, Timothy G. and Ponnekanti, Vamsi and Borthakur, Dhruba and Callaghan, Mark},
 title = {LinkBench: A Database Benchmark Based on the Facebook Social Graph},
 booktitle = {Proceedings of the 2013 ACM SIGMOD International Conference on Management of Data},
 series = {SIGMOD '13},
 year = {2013},
 isbn = {978-1-4503-2037-5},
 location = {New York, New York, USA},
 pages = {1185--1196},
 numpages = {12},
 url = {http://doi.acm.org/10.1145/2463676.2465296},
 doi = {10.1145/2463676.2465296},
 acmid = {2465296},
 publisher = {ACM},
 address = {New York, NY, USA},
 keywords = {database benchmarks, database workload analysis, hbase, mysql, social networks},
} 

@article{laney20013d,
  title={3D data management: Controlling data volume, velocity and variety},
  author={Laney, Doug},
  journal={META Group Research Note},
  volume={6},
  pages={70},
  year={2001}
}

@misc{pokludabenchmarking,
  title={Benchmarking Failover Characteristics of Large-Scale Data Storage Applications: Cassandra and Voldemort},
  author={Pokluda, Alexander and Sun, Wei}
}

@article{Kuhlenkamp,
 author = {Kuhlenkamp, J\"{o}rn and Klems, Markus and R\"{o}ss, Oliver},
 title = {Benchmarking Scalability and Elasticity of Distributed Database Systems},
 journal = {Proc. VLDB Endow.},
 issue_date = {August 2014},
 volume = {7},
 number = {12},
 month = aug,
 year = {2014},
 issn = {2150-8097},
 pages = {1219--1230},
 numpages = {12},
 url = {http://dx.doi.org/10.14778/2732977.2732995},
 doi = {10.14778/2732977.2732995},
 acmid = {2732995},
 publisher = {VLDB Endowment},
} 

@inproceedings{PowerGraph,
  title={PowerGraph: Distributed Graph-Parallel Computation on Natural Graphs.},
  author={Gonzalez, Joseph E and Low, Yucheng and Gu, Haijie and Bickson, Danny and Guestrin, Carlos},
  booktitle={OSDI},
  volume={12},
  number={1},
  pages={2},
  year={2012}
}

@article{Giraph,
  title={Giraph},
  url={http://giraph.apache.org/}
}

@article{Pregel,
 author = {Malewicz, Grzegorz and Austern, Matthew H. and Bik, Aart J.C. and Dehnert, James C. and Horn, Ilan and Leiser, Naty and Czajkowski, Grzegorz},
 title = {Pregel: A System for Large-scale Graph Processing - "ABSTRACT"},
 booktitle = {Proceedings of the 28th ACM Symposium on Principles of Distributed Computing},
 series = {PODC '09},
 year = {2009},
 isbn = {978-1-60558-396-9},
 location = {Calgary, AB, Canada},
 pages = {6--6},
 numpages = {1},
 url = {http://doi.acm.org/10.1145/1582716.1582723},
 doi = {10.1145/1582716.1582723},
 acmid = {1582723},
 publisher = {ACM},
 address = {New York, NY, USA},
 keywords = {distributed computing, graph algorithms},
} 

@article{guo2014benchmarking,
  title={Benchmarking graph-processing platforms: a vision},
  author={Guo, Yong and Varbanescu, Ana Lucia and Iosup, Alexandru and Martella, Claudio and Willke, Theodore L},
  booktitle={Proceedings of the 5th ACM/SPEC international conference on Performance engineering},
  pages={289--292},
  year={2014},
  organization={ACM}
}

@article{guo2014well,
  title={How well do graph-processing platforms perform? an empirical performance evaluation and analysis},
  author={Guo, Yong and Biczak, Marcin and Varbanescu, Ana Lucia and Iosup, Alexandru and Martella, Claudio and Willke, Theodore L},
  booktitle={Parallel and Distributed Processing Symposium, 2014 IEEE 28th International},
  pages={395--404},
  year={2014},
  organization={IEEE}
}

@article{iosup2014towards,
  title={Towards Benchmarking IaaS and PaaS Clouds for Graph Analytics},
  author={Iosup, Alexandru and Varbanescu, AL and Capota, M and Hegeman, T and Guo, Y and Ngai, WL and Verstraaten, Merijn},
  booktitle={Workshop on Big Data Benchmarking (WBDB), Potsdam, Germany},
  year={2014}
}

@article{capota2015graphalytics,
  title={Graphalytics: A Big Data Benchmark for Graph-Processing Platforms},
  author={Capota, Mihai and Hegeman, Tim and Iosup, Alexandru and Prat-P{\'e}rez, Arnau and Erling, Orri and Boncz, Peter},
  year={2015}
}

@online{Graph500,
  title={Graph500},
  url={http://www.graph500.org/}
}

@article{cordovaanalysis,
  title={Analysis of Real Time Stream Processing Systems Considering Latency},
  author={C{\'o}rdova, Patricio}
}

@article{ibm2014streams,
  title={Of Streams and Storms},
  author={Nabi, Zubair and Bouillet, Eric and Bainbridge, Andrew and Thomas, Chris},
  journal={IBM White Paper},
  year={2014}
}

@online{Graph500,
  title={Graph500},
  url={http://www.graph500.org/}
}

@online{xinhstechblog,
  title={Xinh's Tech Blog},
  url={http://xinhstechblog.blogspot.fi/2014/06/storm-vs-spark-streaming-side-by-side.html}
}

@online{manoj-sotrm-vs-spark,
  author={Manoj P},
  title={Apache-storm-vs Spark-streaming},
  url={http://www.ericsson.com/research-blog/data-knowledge/apache-storm-vs-spark-streaming/}
}

@online{flink-latency,
  author={Kostas Tzoumas, Stephan Ewen, Robert Metzger},
  title={High-throughput, low-latency, and exactly-once stream processing with Apache Flink},
  url={http://data-artisans.com/high-throughput-low-latency-and-exactly-once-stream-processing-with-apache-flink/}
}

@online{samza-benchmark,
  author={Tao Feng},
  title={Benchmarking Apache Samza: 1.2 million messages per second on a single node},
  url={https://engineering.linkedin.com/performance/benchmarking-apache-samza-12-million-messages-second-single-node}
}

@mastersthesis{Tanuwidjaja:EECS-2015-144,
    Author = {Tanuwidjaja, Enrico and Li, Jian Neng and Soroudi, Ashkon},
    Editor = {Franklin, Michael and Kubiatowicz, John D.},
    Title = {High Availability on a Distributed Real Time Processing System},
    School = {EECS Department, University of California, Berkeley},
    Year = {2015},
    Month = {May},
    URL = {http://www.eecs.berkeley.edu/Pubs/TechRpts/2015/EECS-2015-144.html},
    Number = {UCB/EECS-2015-144},
    Abstract = {Our Capstone project involves working with an open source distributed real­ time processing system called Apache Storm, in collaboration with Cisco Systems, Inc. The term ?real­ time processing? in this context means that the system is able to respond within seconds or sub-­second to requests, while ?distributed? means that it is running on multiple computers. The goal of the project is to add a feature called ?k-­safety? to Storm. With k-­safety, Storm will be able to tolerate up to k machine failures without losing data or reducing its response time, making the system highly available. Cisco plans to integrate our modified version of Storm into their data processing pipeline and use it to support internal and customer-­facing products.}
}

@inproceedings{neumeyer2010s4,
  title={S4: Distributed stream computing platform},
  author={Neumeyer, Leonardo and Robbins, Bruce and Nair, Anish and Kesari, Anand},
  booktitle={Data Mining Workshops (ICDMW), 2010 IEEE International Conference on},
  pages={170--177},
  year={2010},
  organization={IEEE}
}

@inproceedings{window-join,
  title={Evaluating window joins over unbounded streams},
  author={Kang, Jaewoo and Naughton, Jeffery F and Viglas, Stratis D},
  booktitle={Data Engineering, 2003. Proceedings. 19th International Conference on},
  pages={341--352},
  year={2003},
  organization={IEEE}
}

@inproceedings{murray2013naiad,
  title={Naiad: a timely dataflow system},
  author={Murray, Derek G and McSherry, Frank and Isaacs, Rebecca and Isard, Michael and Barham, Paul and Abadi, Mart{\'\i}n},
  booktitle={Proceedings of the Twenty-Fourth ACM Symposium on Operating Systems Principles},
  pages={439--455},
  year={2013},
  organization={ACM}
}

@online{kmeans_wiki,
  title={K-means clustering},
  Year = {2016},
  Month = {Mar},
  url={https://en.wikipedia.org/wiki/K-means_clustering}
}

@inbook{mackay2003information,
  title={Information theory, inference and learning algorithms},
  author={MacKay, David JC},
  year={2003},
  chapter={20. An Example Inference Task: Clustering},
  pages={284--292},
  publisher={Cambridge university press}
}

@inproceedings{aggarwal2003framework,
  title={A framework for clustering evolving data streams},
  author={Aggarwal, Charu C and Han, Jiawei and Wang, Jianyong and Yu, Philip S},
  booktitle={Proceedings of the 29th international conference on Very large data bases-Volume 29},
  pages={81--92},
  year={2003},
  organization={VLDB Endowment}
}

 